%! Author = manu
%! Date = 07/04/2020

